@article{Swtboris,
author = {B. Epshtein, E. Ofek, and Y. Wexler},
title = {Detecting text in natural scenes with stroke width transform},
conference = {in Proc. Comput. Vision Pattern Recognit.},
pages = {2963--2970}, 
year = 2010
}

@article{Rbniban,
author = {Ben-Ami, I., Basha, T. and Avidan, S.},
title = {Racing Bib Numbers Recognition},
conference = {In Proc of British Machine Vision Conference},
pages = {19.1--19.10}, 
year = 2012
}

@article{Canny,
author = {Canny, John},
title = {A Computational Approach to Edge Detection},
conference = {Pattern Analysis and Machine Intelligence, IEEE Transactions on},
volume = {PAMI-8},
pages = {679 - 698}, 
year = 1986
}
